@article{ernst:crash-refinement-asms,
title = "Modular, crash-safe refinement for {ASM}s with submachines",
journal = "Science of Computer Programming",
volume = "131",
pages = "3--21",
year = "2016",
author = "Gidon Ernst and Jörg Pfähler and Gerhard Schellhorn and Wolfgang Reif",
keywords = "Abstract State Machine, Refinement, Flash file systems, Crash safety, Power cuts"
}

@article{jung:rustbelt,
 author = {Jung, Ralf and Jourdan, Jacques-Henri and Krebbers, Robbert and Dreyer, Derek},
 title = {{RustBelt}: Securing the Foundations of the {Rust} Programming Language},
 journal = {Proceedings of the ACM on Programming Languages},
 issue_date = {January 2018},
 volume = {2},
 number = {POPL},
 month = dec,
 year = {2017},
 pages = {66:1--34},
 articleno = {66},
 numpages = {34},
 acmid = {3158154},
 publisher = {ACM},
 address = {New York, NY, USA},
 keywords = {Rust, concurrency, logical relations, separation logic, type systems},
}

@article{abadi:refinement-mappings,
 author = {Abadi, Mart\'{\i}n and Lamport, Leslie},
 title = {The Existence of Refinement Mappings},
 journal = {Theor. Comput. Sci.},
 issue_date = {May 31, 1991},
 volume = {82},
 number = {2},
 month = may,
 year = {1991},
 pages = {253--284},
 numpages = {32},
 acmid = {114018},
 publisher = {Elsevier Science Publishers Ltd.},
 address = {Essex, UK},
}

@article{cao:vst-floyd,
 author = {Cao, Qinxiang and Beringer, Lennart and Gruetter, Samuel and Dodds, Josiah and Appel, Andrew W.},
 title = {{VST-Floyd}: A Separation Logic Tool to Verify Correctness of C Programs},
 journal = {Journal of Automated Reasoning},
 issue_date = {June      2018},
 volume = {61},
 number = {1-4},
 month = jun,
 year = {2018},
 pages = {367--422},
 numpages = {56},
 acmid = {3230190},
 publisher = {Springer-Verlag},
 address = {Berlin, Heidelberg},
 keywords = {Program verification, Proof automation, Separation logic, Symbolic execution},
}

@incollection{gray:dbos,
  author = {Jim Gray},
  title = {Notes on Data Base Operating Systems},
  editor = {R. Bayer and R. M. Graham and G. Seegm\"{u}ller},
  booktitle = {Operating Systems: An Advanced Course},
  publisher = {Springer-Verlag},
  year = 1978,
  pages = {393--481},
}

@InProceedings{kaiser:iris-weak-mem,
  author =	{Jan-Oliver Kaiser and Hoang-Hai Dang and Derek Dreyer and Ori Lahav and Viktor Vafeiadis},
  title =	{{Strong Logic for Weak Memory: Reasoning About Release-Acquire Consistency in Iris}},
  booktitle =	{31st European Conference on Object-Oriented Programming (ECOOP 2017)},
  pages =	{17:1--17:29},
  series =	{Leibniz International Proceedings in Informatics (LIPIcs)},
  ISBN =	{978-3-95977-035-4},
  ISSN =	{1868-8969},
  year =	{2017},
  volume =	{74},
  editor =	{Peter M{\"u}ller},
  publisher =	{Schloss Dagstuhl--Leibniz-Zentrum f\"{u}r Informatik},
  address =	{Dagstuhl, Germany},
  URN =		{urn:nbn:de:0030-drops-72753},
  annote =	{Keywords: Weak memory models, release-acquire, concurrency, separation logic}
}

@article{bizjak:iris-iron,
 author = {Bizjak, Ale\v{s} and Gratzer, Daniel and Krebbers, Robbert and Birkedal, Lars},
 title = {Iron: Managing Obligations in Higher-order Concurrent Separation Logic},
 journal = {Proceedings of the ACM on Programming Languages},
 issue_date = {January 2019},
 volume = {3},
 number = {POPL},
 month = jan,
 year = {2019},
 pages = {65:1--65:30},
 articleno = {65},
 numpages = {30},
 acmid = {3290378},
 publisher = {ACM},
 address = {New York, NY, USA},
 keywords = {Separation logic, concurrency, resource management},
}

@inproceedings{amani:complx,
 author = {Amani, Sidney and Andronick, June and Bortin, Maksym and Lewis, Corey and Rizkallah, Christine and Tuong, Joseph},
 title = {Complx: A Verification Framework for Concurrent Imperative Programs},
 crossref = {CPP17},
 pages = {138--150},
}


@InProceedings{armael:verified-cf,
author="Gu{\'e}neau, Arma{\"e}l
and Myreen, Magnus O.
and Kumar, Ramana
and Norrish, Michael",
title="Verified Characteristic Formulae for {CakeML}",
 booktitle = {Proceedings of the 26th European Symposium on Programming Languages and Systems},
 year = {2017},
 month = apr,
 address = {Uppsala, Sweden},
pages="584--610",
}

@inproceedings{koh:deepspec-web,
 author = {Koh, Nicolas and Li, Yao and Li, Yishuai and Xia, Li-yao and Beringer, Lennart and Honor{\'e}, Wolf and Mansky, William and Pierce, Benjamin C. and Zdancewic, Steve},
 title = {From {C} to Interaction Trees: Specifying, Verifying, and Testing a Networked Server},
 crossref = {CPP19},
 pages = {234--248},
}

@misc{go-memory-model,
    author = {{Google}},
    title = {The {Go} Memory Model},
    url = {https://golang.org/ref/mem},
    year = {2014},
    month = {May},
}

@inproceedings{myreen:cakeml-synthesis,
 author = {Myreen, Magnus O. and Owens, Scott},
 title = {Proof-producing Synthesis of {ML} from Higher-order Logic},
 crossref = {ICFP12},
 pages = {115--126},
}

@inproceedings{krogh-jespersen:iris-effects,
  author = {Krogh-Jespersen, Morten and Svendsen, Kasper and Birkedal, Lars},
  title = {A Relational Model of Types-and-Effects in Higher-Order Concurrent Separation Logic},
  crossref = {POPL17},
}

@article{protzenko:lowstar,
  author = {Jonathan Protzenko and
            Jean-Karim Zinzindohou\'e and
            Aseem Rastogi and
            Tahina Ramananandro and
            Peng Wang and
            Santiago {Zanella-B\'eguelin} and
            Antoine Delignat-Lavaud and
            Catalin Hritcu and
            Karthikeyan Bhargavan and
            C\'edric Fournet and
            Nikhil Swamy},
  title = {Verified Low-Level Programming Embedded in {F*}},
  journal   = {Proceedings of the ACM on Programming Languages},
  volume    = {1},
  number    = {{ICFP}},
  pages     = {17:1--29},
  year      = {2017},
  month     = sep,
}

@inproceedings{swamy:mumon,
  author = {Nikhil Swamy and
            Catalin Hritcu and
            Chantal Keller and
            Aseem Rastogi and
            Antoine Delignat-Lavaud and
            Simon Forest and
            Karthikeyan Bhargavan and
            C\'{e}dric Fournet and
            Pierre-Yves Strub and
            Markulf Kohlweiss and
            Jean-Karim Zinzindohou\'e and
            Santiago {Zanella-B\'eguelin}},
  title = {Dependent Types and Multi-Monadic Effects in {F*}},
  crossref = {POPL16},
  pages = {256-270},
}

@mastersthesis{tchajed-sm,
  title        = {Verifying an {I/O}-Concurrent File System},
  author       = {Tej Chajed},
  school       = {Massachusetts Institute of Technology},
  year         = 2017,
  month        = feb,
}

@misc{jbd2,
    author = {{Linux community}},
    title = {The {Linux} Journalling {API}},
    howpublished = {\url{https://www.kernel.org/doc/html/latest/filesystems/journalling.html}},
}

@misc{guava-striped,
  author = {Dimitris Andreou},
  year = 2022,
  month = feb,
  title = {Striped ({Guava}: {Google} Core Libraries for {Java} 31.1)},
  howpublished = {\url{https://javadoc.io/doc/com.google.guava/guava/31.1/com/google/common/util/concurrent/Striped.html}},
}

@misc{dafny-refman,
  author = {K. Rustan M. Leino and Richard L. Ford and David R. Cok},
  title = {Dafny Reference Manual},
  howpublished = {\url{https://github.com/dafny-lang/dafny/raw/master/docs/DafnyRef/out/DafnyRef.pdf}},
  year = 2020,
  month = dec,
}

@inproceedings{ChkliaevHS99,
  author    = {Dmitri Chkliaev and Jozef Hooman and Peter van der Stok},
  title     = {Serializability Preserving Extensions of Concurrency Control Protocols},
  booktitle = {Perspectives of System Informatics, Third International Andrei Ershov
               Memorial Conference, PSI'99, Akademgorodok, Novosibirsk, Russia, July
               6-9, 1999, Proceedings},
  series    = {Lecture Notes in Computer Science},
  volume    = {1755},
  pages     = {180--193},
  publisher = {Springer},
  year      = {1999},
}

@mastersthesis{pollak-2PL,
  title        = {Reasoning about Two-Phase Locking Concurrency Control},
  author       = {David Harver Pollak},
  school       = {Imperial College London},
  year         = 2017,
  month        = jun,
}

@inproceedings{dinsdale:cap,
  author    = {Thomas Dinsdale{-}Young and
               Mike Dodds and
               Philippa Gardner and
               Matthew J. Parkinson and
               Viktor Vafeiadis},
  title     = {Concurrent Abstract Predicates},
  booktitle = {ECOOP},
  pages     = {504--528},
  publisher = {Springer},
  year      = {2010},
}

@inproceedings{mohsen:stm,
author = {Lesani, Mohsen and Luchangco, Victor and Moir, Mark},
title = {A Framework for Formally Verifying Software Transactional Memory Algorithms},
year = {2012},
isbn = {9783642329395},
publisher = {Springer-Verlag},
address = {Berlin, Heidelberg},
url = {https://doi.org/10.1007/978-3-642-32940-1_36},
doi = {10.1007/978-3-642-32940-1_36},
booktitle = {Proceedings of the 23rd International Conference on Concurrency Theory},
pages = {516–530},
numpages = {15},
location = {Newcastle upon Tyne, UK},
series = {CONCUR'12}
}

@inproceedings{dalessandro:norec,
author = {Dalessandro, Luke and Spear, Michael F. and Scott, Michael L.},
title = {{NOrec}: Streamlining {STM} by Abolishing Ownership Records},
year = {2010},
isbn = {9781605588773},
publisher = {Association for Computing Machinery},
address = {New York, NY, USA},
url = {https://doi.org/10.1145/1693453.1693464},
doi = {10.1145/1693453.1693464},
booktitle = {Proceedings of the 15th ACM SIGPLAN Symposium on Principles and Practice of Parallel Programming},
pages = {67–78},
numpages = {12},
keywords = {transactional memory, transactional memory models, software transactional memory, ownership records},
location = {Bangalore, India},
series = {PPoPP '10}
}

@InProceedings{chajed:gojournal,
author = {Chajed, Tej and Tassarotti, Joseph and Theng, Mark and Jung, Ralf and Kaashoek, M. Frans and Zeldovich, Nickolai},
title = {{GoJournal}: a verified, concurrent, crash-safe journaling system},
crossref = {OSDI21},
}

@inproceedings{mohan:crashmonkey,
  title= {Finding Crash-Consistency Bugs with Bounded Black-Box Crash Testing},
  author = {Mohan, Jayashree and Martinez, Ashlie and Ponnapalli, Soujanya and Raju, Pandian and Chidambaram, Vijay},
  crossref = {OSDI18},
}

@mastersthesis{akonradi-meng,
  title        = {Performance {Optimization} of the {VDFS} {Verified}
    {File} {System}},
  author       = {Alex Konradi},
  school       = {Massachusetts Institute of Technology},
  year         = 2017,
  month        = jun,
}


@inproceedings{curtis:wafl,
author = {Curtis-Maury, Matthew and Devadas, Vinay and Fang, Vania and Kulkarni, Aditya},
title = {To {Waffinity} and beyond: A Scalable Architecture for Incremental Parallelization of File System Code},
pages = {419–434},
crossref = {OSDI18},
}

@inproceedings {wafl:hitz,
author = {Dave Hitz and Michael Malcolm and James Lau},
title = {File System Design for an {NFS} File Server Appliance},
booktitle = {{USENIX} Winter 1994 Technical Conference ({USENIX} Winter 1994 Technical Conference)},
year = {1994},
address = {San Francisco, CA},
url = {https://www.usenix.org/conference/usenix-winter-1994-technical-conference/file-system-design-nfs-file-server-appliance},
publisher = {{USENIX} Association},
month = jan,
}

@inproceedings{xu:janus,
author={Xu, Wen and Moon, Hyungon and Kashyap, Sanidhya and Tseng, Po-Ning and Kim, Taesoo},
booktitle={2019 IEEE Symposium on Security and Privacy (SP)},
title={Fuzzing File Systems via Two-Dimensional Input Space Exploration},
year={2019},
volume={},
number={},
pages={818-834},
}

@article{kim:hydra,
author = {Kim, Seulbae and Xu, Meng and Kashyap, Sanidhya and Yoon, Jungyeon and Xu, Wen and Kim, Taesoo},
title = {Finding Bugs in File Systems with an Extensible Fuzzing Framework},
year = {2020},
issue_date = {June 2020},
publisher = {Association for Computing Machinery},
address = {New York, NY, USA},
volume = {16},
number = {2},
issn = {1553-3077},
url = {https://doi.org/10.1145/3391202},
doi = {10.1145/3391202},
journal = {ACM Trans. Storage},
month = may,
articleno = {10},
numpages = {35},
keywords = {crash consistency, fuzzing, File systems, bug finding}
}

@Inbook{bodenmuller:concurrent-flashix,
author="Bodenm{\"u}ller, Stefan
and Schellhorn, Gerhard
and Bitterlich, Martin
and Reif, Wolfgang",
title="Flashix: Modular Verification of a Concurrent and Crash-Safe Flash File System",
bookTitle="Logic, Computation and Rigorous Methods: Essays Dedicated to Egon B{\"o}rger on the Occasion of His 75th Birthday",
year="2021",
publisher="Springer International Publishing",
address="Cham",
pages="239--265",
isbn="978-3-030-76020-5",
doi="10.1007/978-3-030-76020-5_14",
url="https://doi.org/10.1007/978-3-030-76020-5_14"
}

@inproceedings{jannen:betrfs,
author = {William Jannen and Jun Yuan and Yang Zhan and Amogh Akshintala and John Esmet and Yizheng Jiao and Ankur Mittal and Prashant Pandey and Phaneendra Reddy and Leif Walsh and Michael Bender and Martin Farach-Colton and Rob Johnson and Bradley C. Kuszmaul and Donald E. Porter},
title = {{BetrFS}: A Right-Optimized Write-Optimized File System},
booktitle = {13th {USENIX} Conference on File and Storage Technologies ({FAST} 15)},
year = {2015},
isbn = {978-1-931971-201},
address = {Santa Clara, CA},
pages = {301--315},
url = {https://www.usenix.org/conference/fast15/technical-sessions/presentation/jannen},
publisher = {{USENIX} Association},
month = feb,
}

@inproceedings{guha:lambda-js,
author = {Guha, Arjun and Saftoiu, Claudiu and Krishnamurthi, Shriram},
title = {The Essence of {JavaScript}},
year = {2010},
isbn = {3642141064},
publisher = {Springer-Verlag},
address = {Berlin, Heidelberg},
abstract = {We reduce JavaScript to a core calculus structured as a small-step operational semantics.
We present several peculiarities of the language and show that our calculus models
them. We explicate the desugaring process that turns JavaScript programs into ones
in the core. We demonstrate faithfulness to JavaScript using real-world test suites.
Finally, we illustrate utility by defining a security property, implementing it as
a type system on the core, and extending it to the full language.},
booktitle = {Proceedings of the 24th European Conference on Object-Oriented Programming},
pages = {126–150},
numpages = {25},
location = {Maribor, Slovenia},
series = {ECOOP'10}
}

@article{politz:python-semantics,
author = {Politz, Joe Gibbs and Martinez, Alejandro and Milano, Matthew and Warren, Sumner and Patterson, Daniel and Li, Junsong and Chitipothu, Anand and Krishnamurthi, Shriram},
title = {Python: The Full Monty},
year = {2013},
issue_date = {October 2013},
publisher = {Association for Computing Machinery},
address = {New York, NY, USA},
volume = {48},
number = {10},
issn = {0362-1340},
url = {https://doi.org/10.1145/2544173.2509536},
doi = {10.1145/2544173.2509536},
journal = {SIGPLAN Not.},
month = oct,
pages = {217–232},
numpages = {16},
keywords = {serpents}
}

@article{ohearn:seplogic,
author = {O'Hearn, Peter},
title = {Separation Logic},
year = {2019},
issue_date = {February 2019},
publisher = {Association for Computing Machinery},
address = {New York, NY, USA},
volume = {62},
number = {2},
issn = {0001-0782},
url = {https://doi.org/10.1145/3211968},
doi = {10.1145/3211968},
journal = {Commun. ACM},
month = jan,
pages = {86–95},
numpages = {10}
}

@article{chargueraud:seq-seplogic,
author = {Chargu\'{e}raud, Arthur},
title = {Separation Logic for Sequential Programs (Functional Pearl)},
year = {2020},
issue_date = {August 2020},
publisher = {Association for Computing Machinery},
address = {New York, NY, USA},
volume = {4},
number = {ICFP},
url = {https://doi.org/10.1145/3408998},
doi = {10.1145/3408998},
journal = {Proc. ACM Program. Lang.},
month = aug,
articleno = {116},
numpages = {34},
keywords = {Program verification, Separation Logic, Coq}
}

@inproceedings{jacobs:modular-lin,
  author    = {Bart Jacobs and
               Frank Piessens},
  title     = {Expressive modular fine-grained concurrency specification},
  crossref  = {POPL11},
  pages     = {271--282},
}

@inproceedings{sammler:refinedc,
author = {Sammler, Michael and Lepigre, Rodolphe and Krebbers, Robbert and Memarian, Kayvan and Dreyer, Derek and Garg, Deepak},
title = {{RefinedC}: Automating the Foundational Verification of {C} Code with Refined Ownership Types},
year = {2021},
isbn = {9781450383912},
publisher = {Association for Computing Machinery},
address = {New York, NY, USA},
url = {https://doi.org/10.1145/3453483.3454036},
doi = {10.1145/3453483.3454036},
booktitle = {Proceedings of the 42nd ACM SIGPLAN International Conference on Programming Language Design and Implementation},
pages = {158–174},
numpages = {17},
keywords = {C programming language, refinement types, ownership types, Iris, separation logic, Coq, proof automation},
location = {Virtual, Canada},
series = {PLDI 2021}
}

@phdthesis{hchen-phd,
  title        = {Certifying a Crash-safe File System},
  author       = {Haogang Chen},
  school       = {Massachusetts Institute of Technology},
  year         = 2016,
  month        = sep,
}

@inproceedings{chargueraud:cfml,
author = {Chargu\'{e}raud, Arthur},
title = {Characteristic Formulae for the Verification of Imperative Programs},
year = {2011},
isbn = {9781450308656},
publisher = {Association for Computing Machinery},
address = {New York, NY, USA},
url = {https://doi.org/10.1145/2034773.2034828},
doi = {10.1145/2034773.2034828},
booktitle = {Proceedings of the 16th ACM SIGPLAN International Conference on Functional Programming},
pages = {418–430},
numpages = {13},
keywords = {interactive verification, total correctness, characteristic formula},
location = {Tokyo, Japan},
series = {ICFP '11}
}

@inproceedings{spector-zabusky:hstocoq,
author = {Spector-Zabusky, Antal and Breitner, Joachim and Rizkallah, Christine and Weirich, Stephanie},
title = {Total {Haskell} is Reasonable {Coq}},
year = {2018},
isbn = {9781450355865},
publisher = {Association for Computing Machinery},
address = {New York, NY, USA},
url = {https://doi.org/10.1145/3167092},
doi = {10.1145/3167092},
booktitle = {Proceedings of the 7th ACM SIGPLAN International Conference on Certified Programs and Proofs},
pages = {14–27},
numpages = {14},
keywords = {Haskell, verification, Coq},
location = {Los Angeles, CA, USA},
series = {CPP 2018}
}

@article{fromherz:vale-fstar,
author = {Fromherz, Aymeric and Giannarakis, Nick and Hawblitzel, Chris and Parno, Bryan and Rastogi, Aseem and Swamy, Nikhil},
title = {A Verified, Efficient Embedding of a Verifiable Assembly Language},
year = {2019},
issue_date = {January 2019},
publisher = {Association for Computing Machinery},
address = {New York, NY, USA},
volume = {3},
number = {POPL},
url = {https://doi.org/10.1145/3290376},
doi = {10.1145/3290376},
journal = {Proc. ACM Program. Lang.},
month = {jan},
articleno = {63},
numpages = {30},
keywords = {Assembly language, cryptography, domain-specific languages}
}

@inproceedings{haas:wasm,
author = {Haas, Andreas and Rossberg, Andreas and Schuff, Derek L. and Titzer, Ben L. and Holman, Michael and Gohman, Dan and Wagner, Luke and Zakai, Alon and Bastien, JF},
title = {Bringing the Web up to Speed with {WebAssembly}},
year = {2017},
isbn = {9781450349888},
publisher = {Association for Computing Machinery},
address = {New York, NY, USA},
url = {https://doi.org/10.1145/3062341.3062363},
doi = {10.1145/3062341.3062363},
booktitle = {Proceedings of the 38th ACM SIGPLAN Conference on Programming Language Design and Implementation},
pages = {185–200},
numpages = {16},
keywords = {virtual machines, just-in-time compilers, assembly languages, programming languages, type systems},
location = {Barcelona, Spain},
series = {PLDI 2017}
}

@InProceedings{chajed:daisy-nfs,
author = {Chajed, Tej and Tassarotti, Joseph and Theng, Mark and Kaashoek, M. Frans and Zeldovich, Nickolai},
title = {Verifying the {DaisyNFS} concurrent and crash-safe file system with sequential reasoning},
crossref = {OSDI22},
}

@article{raad:px86,
author = {Raad, Azalea and Wickerson, John and Neiger, Gil and Vafeiadis, Viktor},
title = {Persistency Semantics of the {Intel-x86} Architecture},
year = {2019},
issue_date = {January 2020},
publisher = {Association for Computing Machinery},
address = {New York, NY, USA},
volume = {4},
number = {POPL},
url = {https://doi.org/10.1145/3371079},
doi = {10.1145/3371079},
journal = {Proc. ACM Program. Lang.},
month = {dec},
articleno = {11},
numpages = {31},
keywords = {Intel-x86, weak memory, memory persistency, non-volatile memory}
}

@article{raad:px86-extended,
author = {Raad, Azalea and Maranget, Luc and Vafeiadis, Viktor},
title = {Extending {Intel-x86} Consistency and Persistency: Formalising the Semantics of {Intel-x86} Memory Types and Non-Temporal Stores},
year = {2022},
issue_date = {January 2022},
publisher = {Association for Computing Machinery},
address = {New York, NY, USA},
volume = {6},
number = {POPL},
url = {https://doi.org/10.1145/3498683},
doi = {10.1145/3498683},
journal = {Proc. ACM Program. Lang.},
month = {jan},
articleno = {22},
numpages = {31},
keywords = {memory persistency, non-volatile memory, non-temporal accesses, weak memory, Intel-x86, memory consistency, cacheability, memory types}
}

@article{kokologiannakis:persevere,
author = {Kokologiannakis, Michalis and Kaysin, Ilya and Raad, Azalea and Vafeiadis, Viktor},
title = {{PerSeVerE}: Persistency Semantics for Verification under {ext4}},
year = {2021},
issue_date = {January 2021},
publisher = {Association for Computing Machinery},
address = {New York, NY, USA},
volume = {5},
number = {POPL},
url = {https://doi.org/10.1145/3434324},
doi = {10.1145/3434324},
journal = {Proc. ACM Program. Lang.},
month = {jan},
articleno = {43},
numpages = {29},
keywords = {File Systems, Model Checking, Persistency, Weak Consistency}
}

@inproceedings{shin:isotope,
author = {Ji-Yong Shin and Mahesh Balakrishnan and Tudor Marian and Hakim Weatherspoon},
title = {{Isotope}: Transactional Isolation for Block Storage},
booktitle = {14th USENIX Conference on File and Storage Technologies (FAST 16)},
year = {2016},
isbn = {978-1-931971-28-7},
address = {Santa Clara, CA},
pages = {23--37},
url = {https://www.usenix.org/conference/fast16/technical-sessions/presentation/shin},
publisher = {USENIX Association},
month = feb,
}

@book{pierce:tapl,
author = {Pierce, Benjamin C.},
title = {Types and Programming Languages},
year = {2002},
isbn = {0262162091},
publisher = {The MIT Press},
edition = {1st},
}

@misc{chong:cs152-notes,
author = {Chong, Stephen},
title = {Lecture notes for {Harvard} {CS 152}: Programming Languages},
year = {2010},
url = {https://groups.seas.harvard.edu/courses/cs152/2010sp/lectures.html},
}

@book{harper:pfpl,
author = {Harper, Robert},
title = {Practical Foundations for Programming Languages},
year = {2016},
isbn = {1107150302},
publisher = {Cambridge University Press},
address = {USA},
edition = {2nd},
}

@mastersthesis{gibsons-meng,
  title        = {Waddle: A proven interpreter and test framework for
    a subset of the {Go} semantics},
  author       = {Sydney Gibson},
  school       = {Massachusetts Institute of Technology},
  year         = 2020,
  month        = may,
}

@InProceedings{chabbi:golang-races,
  title       = {A Study of Real-World Data Races in {Golang}},
  author      = {Chabbi, Milind and Ramanathan, Murali Krishna},
  crossref    = {PLDI22},
}

@InProceedings{swamy:everparse3d,
  title       = {Hardening Attack Surfaces with
Formally Proven Binary Format Parsers},
  author      = {Swamy, Nikhil and Ramananandro, Tahina and Rastogi, Aseem and Spiridonova Irina and Ni, Haobin and Malloy, Dmitry and Vazquez, Juan and Tang, Michael and Cardona, Omar and Gupta, Arti},
  crossref    = {PLDI22},
}
